<?xml version = "1.0" encoding = "UTF-8"?><OAI-PMH xmlns="http://www.openarchives.org/OAI/2.0/" xmlns:xsi="http://www.w3.org/2001/XMLSchema-instance" xsi:schemaLocation="http://www.openarchives.org/OAI/2.0/ http://www.openarchives.org/OAI/2.0/OAI-PMH.xsd"><ListRecords><record><header><identifier>aleph-publish:008027528</identifier></header><metadata><record xmlns="http://www.ddb.de/professionell/mabxml/mabxml-1.xsd"><leader>00318vM2.01200024------u</leader><controlfield tag="LDR">00318vM2.01200024------u</controlfield><controlfield tag="FMT">MU</controlfield><datafield tag="001" ind1="-" ind2="1"><subfield code="a">HT003791584</subfield></datafield><datafield tag="001" ind1="-" ind2="2"><subfield code="a">HT003791559</subfield></datafield><datafield tag="002" ind1="a" ind2="1"><subfield code="a">19960604</subfield></datafield><datafield tag="002" ind1="a" ind2="2"><subfield code="a">19970924</subfield></datafield><datafield tag="003" ind1="-" ind2="2"><subfield code="a">20151216</subfield></datafield><datafield tag="010" ind1="-" ind2="1"><subfield code="a">HT003791559</subfield></datafield><datafield tag="026" ind1="-" ind2="2"><subfield code="a">HBZHT003791559</subfield></datafield><controlfield tag="030">a|1uc||||||||</controlfield><datafield tag="036" ind1="a" ind2="2"><subfield code="a">DD</subfield></datafield><datafield tag="037" ind1="b" ind2="2"><subfield code="a">ger</subfield></datafield><datafield tag="070" ind1="-" ind2="1"><subfield code="a">292</subfield></datafield><datafield tag="070" ind1="-" ind2="2"><subfield code="a">292</subfield></datafield><datafield tag="070" ind1="b" ind2="2"><subfield code="a">38/427</subfield></datafield><datafield tag="080" ind1="-" ind2="1"><subfield code="a">60</subfield></datafield><datafield tag="080" ind1="-" ind2="2"><subfield code="a">60</subfield></datafield><controlfield tag="089">Bd. 2, Wirbeltiere</controlfield><datafield tag="090" ind1="-" ind2="1"><subfield code="a">2,2</subfield></datafield><datafield tag="100" ind1="b" ind2="2"><subfield code="p">Kaestner, Alfred</subfield><subfield code="d">1901-1971</subfield><subfield code="b">[Begr.]</subfield><subfield code="9">(DE-588)129110833</subfield></datafield><datafield tag="101" ind1="-" ind2="2"><subfield code="p">K채stner, Alfred</subfield><subfield code="d">1901-1971</subfield></datafield><datafield tag="101" ind1="-" ind2="2"><subfield code="p">Kaestner, A.</subfield><subfield code="d">1901-1971</subfield></datafield><datafield tag="104" ind1="b" ind2="2"><subfield code="p">Fiedler, Kurt</subfield><subfield code="9">(DE-588)101263996</subfield></datafield><datafield tag="108" ind1="b" ind2="2"><subfield code="p">Wetzel, Arno</subfield><subfield code="9">(DE-588)177938315</subfield></datafield><datafield tag="112" ind1="b" ind2="2"><subfield code="p">Gruner, Hans-Eckhard</subfield><subfield code="9">(DE-588)104965770</subfield></datafield><datafield tag="331" ind1="-" ind2="1"><subfield code="a">Fische</subfield></datafield><datafield tag="331" ind1="-" ind2="2"><subfield code="a">Lehrbuch der speziellen Zoologie</subfield></datafield><datafield tag="359" ind1="-" ind2="1"><subfield code="a">von Kurt Fiedler</subfield></datafield><datafield tag="359" ind1="-" ind2="2"><subfield code="a">[begr. von Alfred Kaestner]</subfield></datafield><datafield tag="403" ind1="-" ind2="1"><subfield code="a">1. Aufl.</subfield></datafield><datafield tag="410" ind1="-" ind2="2"><subfield code="a">Jena</subfield></datafield><datafield tag="412" ind1="-" ind2="2"><subfield code="a">Fischer</subfield></datafield><datafield tag="425" ind1="b" ind2="2"><subfield code="a">1954</subfield></datafield><datafield tag="425" ind1="a" ind2="1"><subfield code="a">1991</subfield></datafield><datafield tag="433" ind1="-" ind2="1"><subfield code="a">498 S. : Ill.</subfield></datafield><datafield tag="511" ind1="-" ind2="2"><subfield code="p">Verl.-Ort sp채ter</subfield><subfield code="a">Jena [u.a.]. - Sp채ter ersch. bei Spektrum Akad. Verl., Heidelberg [u.a.]</subfield></datafield><datafield tag="533" ind1="-" ind2="2"><subfield code="p">Titel von Bd. 1 ab 4. Aufl.</subfield><subfield code="a">Wirbellose Tiere</subfield></datafield><datafield tag="540" ind1="a" ind2="1"><subfield code="a">3-334-00338-8</subfield><subfield code="b">Gewebe : ca. DM 75.00</subfield></datafield><datafield tag="540" ind1="a" ind2="2"><subfield code="a">3-334-00339-6</subfield></datafield><datafield tag="540" ind1="a" ind2="2"><subfield code="a">3-334-61000-4</subfield></datafield><datafield tag="700" ind1="l" ind2="1"><subfield code="a">780</subfield></datafield><datafield tag="700" ind1="l" ind2="1"><subfield code="a">794</subfield></datafield><datafield tag="700" ind1="l" ind2="2"><subfield code="a">780</subfield></datafield><datafield tag="700" ind1="l" ind2="2"><subfield code="a">794</subfield></datafield><datafield tag="711" ind1="a" ind2="2"><subfield code="a">Zoology</subfield><subfield code="x">MeSH</subfield></datafield><datafield tag="902" ind1="-" ind2="2"><subfield code="s">Spezielle Zoologie</subfield><subfield code="9">(DE-588)4116565-2</subfield></datafield><controlfield tag="SYS">008027528</controlfield><datafield tag="LOW" ind1="-" ind2="1"><subfield code="a">K0001</subfield></datafield><datafield tag="LOW" ind1="-" ind2="1"><subfield code="a">U0001</subfield></datafield><datafield tag="LOW" ind1="-" ind2="1"><subfield code="a">KM001</subfield></datafield><datafield tag="LOW" ind1="-" ind2="1"><subfield code="a">R0001</subfield></datafield><datafield tag="LOW" ind1="-" ind2="1"><subfield code="a">C0001</subfield></datafield><datafield tag="LOW" ind1="-" ind2="1"><subfield code="a">B0001</subfield></datafield><datafield tag="LOW" ind1="-" ind2="1"><subfield code="a">Q0003</subfield></datafield><datafield tag="LOW" ind1="-" ind2="1"><subfield code="a">M0001</subfield></datafield><datafield tag="LOW" ind1="-" ind2="1"><subfield code="a">V0001</subfield></datafield><datafield tag="LOW" ind1="-" ind2="1"><subfield code="a">Q1013</subfield></datafield><datafield tag="952" ind1="-" ind2="2"><subfield code="s">Systematische Zoologie</subfield><subfield code="h">Spezielle Zoologie</subfield></datafield><datafield tag="088" ind1=" " ind2=" "><subfield code="a">290</subfield><subfield code="b">00000001</subfield><subfield code="c">L 13945-2,2</subfield><subfield code="e">ILL Ausleihe</subfield></datafield><datafield tag="088" ind1=" " ind2=" "><subfield code="a">294</subfield><subfield code="b">00000034</subfield><subfield code="c">VZB521-2,2</subfield><subfield code="e">ILL Ausleihe</subfield></datafield><datafield tag="088" ind1=" " ind2=" "><subfield code="a">294</subfield><subfield code="b">00000034</subfield><subfield code="c">VZB521+1-2,2</subfield><subfield code="e">ILL Ausleihe</subfield></datafield><datafield tag="088" ind1=" " ind2=" "><subfield code="a">294</subfield><subfield code="b">00000034</subfield><subfield code="c">VZB521+2-2,2</subfield><subfield code="e">ILL Ausleihe</subfield></datafield><datafield tag="088" ind1=" " ind2=" "><subfield code="a">361</subfield><subfield code="b">00000019</subfield><subfield code="c">QQ080+QU600 K11[2,2</subfield><subfield code="e">Keine Angabe</subfield></datafield><datafield tag="088" ind1=" " ind2=" "><subfield code="a">361</subfield><subfield code="b">00000019</subfield><subfield code="c">QU600 K11[2,2</subfield><subfield code="e">Keine Angabe</subfield></datafield><datafield tag="088" ind1=" " ind2=" "><subfield code="a">38</subfield><subfield code="b">00000002</subfield><subfield code="c">LS/N7620-2,2</subfield><subfield code="e">keine ILL</subfield></datafield><datafield tag="088" ind1=" " ind2=" "><subfield code="a">38 M</subfield><subfield code="b">00000050</subfield><subfield code="c">2006 A 6676</subfield><subfield code="e">ILL Ausleihe</subfield></datafield><datafield tag="088" ind1=" " ind2=" "><subfield code="a">5 N</subfield><subfield code="b">00001054</subfield><subfield code="c">82/25264 (2,2)</subfield><subfield code="e">ILL Ausleihe</subfield></datafield><datafield tag="088" ind1=" " ind2=" "><subfield code="a">6</subfield><subfield code="b">00000053</subfield><subfield code="c">54 1805-2/2</subfield><subfield code="e">keine ILL</subfield></datafield><datafield tag="088" ind1=" " ind2=" "><subfield code="a">929</subfield><subfield code="b">00000001</subfield><subfield code="c">794/H/LEH-80</subfield><subfield code="e">keine ILL</subfield></datafield><datafield tag="088" ind1=" " ind2=" "><subfield code="a">1018</subfield><subfield code="b">05</subfield><subfield code="c">VQN3-2,2</subfield><subfield code="e">keine ILL</subfield></datafield><datafield tag="088" ind1=" " ind2=" "><subfield code="a">5/12</subfield><subfield code="b">00081001</subfield><subfield code="c">0 KAES (2,2)</subfield><subfield code="e">keine ILL</subfield></datafield><datafield tag="088" ind1=" " ind2=" "><subfield code="a">Kob 7</subfield><subfield code="b">FRHKO</subfield><subfield code="c">BI/O 2002 937-2,2</subfield><subfield code="e">ausleihbar 4 Wo</subfield></datafield><datafield tag="088" ind1=" " ind2=" "><subfield code="a">Lan 1</subfield><subfield code="b">FRHLD</subfield><subfield code="c">bio 99-64/2,2a</subfield><subfield code="e">ausleihbar 4 Wo</subfield></datafield><datafield tag="088" ind1=" " ind2=" "><subfield code="a">Lan 1</subfield><subfield code="b">FRHLD</subfield><subfield code="c">bio 99-64/2,2</subfield><subfield code="e">ausleihbar 4 Wo</subfield></datafield><datafield tag="088" ind1=" " ind2=" "><subfield code="a">Kob 7</subfield><subfield code="b">FRHKO</subfield><subfield code="c">92/3503</subfield><subfield code="e">ausleihbar 4 Wo</subfield></datafield><datafield tag="088" ind1=" " ind2=" "><subfield code="a">465</subfield><subfield code="b">E30</subfield><subfield code="c">VQN1393-2,2</subfield><subfield code="e">Pr채senzbestand</subfield></datafield><datafield tag="088" ind1=" " ind2=" "><subfield code="a">465</subfield><subfield code="b">E31</subfield><subfield code="c">VQN1393-2,2+1</subfield><subfield code="e">Ausleihbestand</subfield></datafield><datafield tag="088" ind1=" " ind2=" "><subfield code="a">465</subfield><subfield code="b">E31</subfield><subfield code="c">VQN1393-2,2+2</subfield><subfield code="e">Ausleihbestand</subfield></datafield><datafield tag="088" ind1=" " ind2=" "><subfield code="a">465</subfield><subfield code="b">E31</subfield><subfield code="c">VQN1393-2,2+3</subfield><subfield code="e">Ausleihbestand</subfield></datafield><datafield tag="088" ind1=" " ind2=" "><subfield code="a">465</subfield><subfield code="b">E31</subfield><subfield code="c">VQN1393-2,2+4</subfield><subfield code="e">Ausleihbestand</subfield></datafield><datafield tag="088" ind1=" " ind2=" "><subfield code="a">61/41</subfield><subfield code="b">41</subfield><subfield code="c">biov144.k11(2,2)</subfield><subfield code="e">Nicht ausleihbar</subfield></datafield><datafield tag="088" ind1=" " ind2=" "><subfield code="a">61</subfield><subfield code="b">03</subfield><subfield code="c">biov144.k11(2,2)</subfield><subfield code="e">Ausleihbar</subfield></datafield><datafield tag="088" ind1=" " ind2=" "><subfield code="a">467</subfield><subfield code="b">40</subfield><subfield code="c">40VRA1017-2,2</subfield><subfield code="e">Nicht ausleihbar</subfield></datafield><datafield tag="088" ind1=" " ind2=" "><subfield code="a">466</subfield><subfield code="b">40</subfield><subfield code="c">VRA1017-2,2</subfield><subfield code="e">Kurzausleihe</subfield></datafield><datafield tag="088" ind1=" " ind2=" "><subfield code="a">466</subfield><subfield code="b">41</subfield><subfield code="c">VRA1017-2,2+1</subfield><subfield code="e">Normalausleihe</subfield></datafield><datafield tag="088" ind1=" " ind2=" "><subfield code="a">466</subfield><subfield code="b">41</subfield><subfield code="c">VRA1017-2,2+2</subfield><subfield code="e">Normalausleihe</subfield></datafield><datafield tag="088" ind1=" " ind2=" "><subfield code="a">466</subfield><subfield code="b">41</subfield><subfield code="c">VRA1017-2,2+3</subfield><subfield code="e">Normalausleihe</subfield></datafield><datafield tag="088" ind1=" " ind2=" "><subfield code="a">466</subfield><subfield code="b">41</subfield><subfield code="c">VRA1017-2,2+4</subfield><subfield code="e">Normalausleihe</subfield></datafield><datafield tag="088" ind1=" " ind2=" "><subfield code="a">468</subfield><subfield code="b">75</subfield><subfield code="c">VRA1106-2,2</subfield><subfield code="e">ausleihbar</subfield></datafield><datafield tag="088" ind1=" " ind2=" "><subfield code="a">121</subfield><subfield code="c">91 A 1776</subfield><subfield code="e">10</subfield></datafield><datafield tag="088" ind1=" " ind2=" "><subfield code="a">64</subfield></datafield></record></metadata></record></ListRecords></OAI-PMH>